
@MISC{ELhamalgoritma_star,
  AUTHOR =      {Elham Hesaraki},
  TITLE =        {الگوریتم *A — به زبان ساده},
  HOWPUBLISHED =    {\href{https://blog.faradars.org/a_star_search_algorithm/}},
  YEAR =         {2023}
  }


